<?xml version="1.0" encoding="UTF-8"?><collection xmlns="http://www.loc.gov/MARC21/slim"><record><leader>00394nam--2200145-i-4500</leader><controlfield tag="001">000047719</controlfield><controlfield tag="002">20161230</controlfield><controlfield tag="005">20161230201046</controlfield><controlfield tag="008">060222s1000------------r-----000-0-eng-d</controlfield><datafield ind1=" " ind2=" " tag="080"><subfield code="a">620.1</subfield></datafield><datafield ind1=" " ind2=" " tag="100"><subfield code="a">Wojnar,Leszek</subfield></datafield><datafield ind1=" " ind2=" " tag="245"><subfield code="a">Image analysis. applications in materials sengineering</subfield></datafield><datafield ind1=" " ind2=" " tag="260"><subfield code="a">Londonl, Crc Press, 1999. 245 P</subfield></datafield><datafield ind1=" " ind2=" " tag="490"><subfield code="a">Crc Series In Material Sc.And Techn</subfield></datafield><datafield ind1=" " ind2=" " tag="852"><subfield code="a">81165</subfield></datafield></record></collection>